<record><leader>00000cas a22000007a 4500</leader><controlfield tag="001">30407463</controlfield><controlfield tag="008">940509d1870187unyuwr ne      0    0eng d</controlfield><datafield ind1=" " ind2=" " tag="010"><subfield code="a">sn 94057766 </subfield></datafield><datafield ind1=" " ind2=" " tag="040"><subfield code="a">NYS</subfield><subfield code="b">eng</subfield><subfield code="c">NYS</subfield><subfield code="d">OCLCF</subfield><subfield code="d">OCLCO</subfield></datafield><datafield ind1="1" ind2=" " tag="029"><subfield code="a">AU@</subfield><subfield code="b">000025906024</subfield></datafield><datafield ind1=" " ind2=" " tag="042"><subfield code="a">msc</subfield></datafield><datafield ind1="0" ind2=" " tag="130"><subfield code="a">New York weekly reformer (Watertown, N.Y. : 1870)</subfield></datafield><datafield ind1="0" ind2="0" tag="245"><subfield code="a">New York weekly reformer.</subfield></datafield><datafield ind1="0" ind2="3" tag="246"><subfield code="a">Weekly reformer</subfield></datafield><datafield ind1=" " ind2=" " tag="260"><subfield code="a">Watertown, Jefferson County, N.Y. :</subfield><subfield code="b">Ingalls, Brockway &amp; Skinner,</subfield><subfield code="c">1870-</subfield></datafield><datafield ind1=" " ind2=" " tag="300"><subfield code="a">v.</subfield></datafield><datafield ind1=" " ind2=" " tag="310"><subfield code="a">Weekly</subfield></datafield><datafield ind1="0" ind2=" " tag="362"><subfield code="a">Vol. 21, no. 1 (Aug. 25, 1870)-</subfield></datafield><datafield ind1=" " ind2="0" tag="651"><subfield code="a">Watertown (N.Y.)</subfield><subfield code="v">Newspapers.</subfield></datafield><datafield ind1=" " ind2="0" tag="651"><subfield code="a">Jefferson County (N.Y.)</subfield><subfield code="v">Newspapers.</subfield></datafield><datafield ind1=" " ind2="7" tag="655"><subfield code="a">Newspapers.</subfield><subfield code="2">fast</subfield><subfield code="0">(OCoLC)fst01423814</subfield></datafield><datafield ind1=" " ind2="7" tag="651"><subfield code="a">New York (State)</subfield><subfield code="z">Jefferson County.</subfield><subfield code="2">fast</subfield><subfield code="0">(OCoLC)fst01209430</subfield></datafield><datafield ind1=" " ind2="7" tag="651"><subfield code="a">New York (State)</subfield><subfield code="z">Watertown.</subfield><subfield code="2">fast</subfield><subfield code="0">(OCoLC)fst01221269</subfield></datafield><datafield ind1="1" ind2=" " tag="700"><subfield code="a">Brockway, Bemen,</subfield><subfield code="d">1815-1892.</subfield></datafield><datafield ind1=" " ind2=" " tag="752"><subfield code="a">United States</subfield><subfield code="b">New York</subfield><subfield code="c">Jefferson</subfield><subfield code="d">Watertown.</subfield></datafield><datafield ind1="0" ind2=" " tag="775"><subfield code="t">Watertown daily times (Watertown, N.Y. : 1870)</subfield><subfield code="w">(DLC)sn 84035539</subfield><subfield code="w">(OCoLC)11531499</subfield></datafield><datafield ind1="0" ind2="0" tag="780"><subfield code="t">New York reformer and northern New York journal</subfield><subfield code="w">(DLC)sn 94057765</subfield><subfield code="w">(OCoLC)30407135</subfield></datafield><datafield ind1="0" ind2="0" tag="785"><subfield code="t">Watertown reformer</subfield><subfield code="w">(DLC)sn 86053171</subfield><subfield code="w">(OCoLC)13279954</subfield></datafield><datafield ind1=" " ind2=" " tag="936"><subfield code="a">Vol. 22, no. 52 (Aug. 15, 1872) LIC</subfield></datafield></record>